% BibTeX source


@Book{compgeom,
  author = 	 {Franco P. Preparata and Michael Iam Shamos},
  ALTeditor = 	 {},
  title = 	 {Computational Geometry An Introduction},
  publisher = 	 {},
  year = 	 {},
  OPTkey = 	 {},
  OPTvolume = 	 {},
  OPTnumber = 	 {},
  OPTseries = 	 {},
  OPTaddress = 	 {},
  OPTedition = 	 {},
  OPTmonth = 	 {},
  OPTnote = 	 {},
  OPTannote = 	 {}
}

@Book{algo,
  author = 	 {T. H. Cormen, C. E. Leiserson and R. L. Rivest},
  ALTeditor = 	 {},
  title = 	 { Introduction to Algorithms},
  publisher = 	 {MIT Press},
  year = 	 {2001},
  OPTkey = 	 {},
  OPTvolume = 	 {},
  OPTnumber = 	 {},
  OPTseries = 	 {},
  OPTaddress = 	 {},
  OPTedition = 	 {},
  OPTmonth = 	 {},
  OPTnote = 	 {},
  OPTannote = 	 {}
}

@Article{eppstein,
  author = 	 {D. Eppstein},
  title = 	 { Finding the k-shortest paths},
  journal = 	 {35th IEEE Symp. Foundations of Computer Science},
  year = 	 {1994},
  OPTkey = 	 {},
  OPTvolume = 	 {},
  OPTnumber = 	 {},
  OPTpages = 	 {},
  OPTmonth = 	 {},
  OPTnote = 	 {},
  OPTannote = 	 {}
}

@Misc{burc,
  OPTkey = 	 {},
  OPTauthor = 	 {},
  OPTtitle = 	 {},
  howpublished = {http://burc.ankara-bel.gov.tr/website/abb},
  OPTmonth = 	 {},
  OPTyear = 	 {},
  OPTnote = 	 {},
  OPTannote = 	 {}
}


@Misc{opel,
  OPTkey = 	 {},
  OPTauthor = 	 {},
  OPTtitle = 	 {},
  howpublished = {http://www.europe.opel.com/vicinity/waydrive/uk/en/waydrive\_input\_popup.jhtml},
  OPTmonth = 	 {},
  OPTyear = 	 {},
  OPTnote = 	 {},
  OPTannote = 	 {}
}

@Misc{cgal,
  OPTkey = 	 {},
  OPTauthor = 	 {},
  title = 	 {Computational Geometry Algorithms Library},
  howpublished = {http://www.cgal.org},
  OPTmonth = 	 {},
  OPTyear = 	 {},
  OPTnote = 	 {},
  OPTannote = 	 {}
}

@Misc{aski,
  OPTkey = 	 {},
  OPTauthor = 	 {},
  OPTtitle = 	 {},
  howpublished = {http://aski.gov.tr/tematik30/container.asp},
  OPTmonth = 	 {},
  OPTyear = 	 {},
  OPTnote = 	 {},
  OPTannote = 	 {}
}

@Misc{yahoo,
  OPTkey = 	 {},
  OPTauthor = 	 {},
  OPTtitle = 	 {},
  howpublished = {http://maps.yahoo.com},
  OPTmonth = 	 {},
  OPTyear = 	 {},
  OPTnote = 	 {},
  OPTannote = 	 {}
}

@Book{leda,
  author = 	 {K. Mehlhorn and S. N{\"a}her.},
  ALTeditor = 	 {},
  title = 	 {LEDA - A platform for combinatorial and geometric computing},
  publisher = 	 {Cambridge University Press},
  year = 	 {1999},
  OPTkey = 	 {},
  OPTvolume = 	 {},
  OPTnumber = 	 {},
  OPTseries = 	 {},
  OPTaddress = 	 {},
  OPTedition = 	 {},
  OPTmonth = 	 {},
  OPTnote = 	 {},
  OPTannote = 	 {}
}

